<record><leader>00000cas a2200000 a 4500</leader><controlfield tag="001">13572106</controlfield><controlfield tag="008">860515d1839186utnuwr ne      0    0eng c</controlfield><datafield ind1=" " ind2=" " tag="010"><subfield code="a">sn 86053380 </subfield></datafield><datafield ind1=" " ind2=" " tag="040"><subfield code="a">NPX</subfield><subfield code="b">eng</subfield><subfield code="c">NPX</subfield><subfield code="d">PPM</subfield><subfield code="d">MGN</subfield><subfield code="d">TGN</subfield><subfield code="d">OCL</subfield><subfield code="d">OCLCQ</subfield><subfield code="d">CUI</subfield><subfield code="d">OCLCQ</subfield><subfield code="d">OCLCF</subfield></datafield><datafield ind1=" " ind2=" " tag="042"><subfield code="a">pcc</subfield></datafield><datafield ind1=" " ind2=" " tag="043"><subfield code="a">n-us-tn</subfield></datafield><datafield ind1=" " ind2="4" tag="050"><subfield code="a">AN</subfield></datafield><datafield ind1="0" ind2=" " tag="130"><subfield code="a">Chattanooga gazette (Chattanooga, Tenn. : 1839)</subfield></datafield><datafield ind1="1" ind2="4" tag="245"><subfield code="a">The Chattanooga gazette.</subfield></datafield><datafield ind1=" " ind2=" " tag="260"><subfield code="a">Chattanooga, Tenn. :</subfield><subfield code="b">F.A. Parham</subfield></datafield><datafield ind1=" " ind2=" " tag="300"><subfield code="a">v.</subfield></datafield><datafield ind1=" " ind2=" " tag="310"><subfield code="a">Weekly</subfield></datafield><datafield ind1="1" ind2=" " tag="362"><subfield code="a">Began in 1839.</subfield></datafield><datafield ind1=" " ind2=" " tag="500"><subfield code="a">Published a triweekly ed. (title unknown).</subfield></datafield><datafield ind1=" " ind2=" " tag="500"><subfield code="a">Whig. Cf. Armstrong, Z. Hist. of Hamilton Co. &amp; Chattanooga, Tenn.</subfield></datafield><datafield ind1=" " ind2=" " tag="500"><subfield code="a">Publishers: F.A. Parham, &lt;1844-1849&gt;; J.F. Danforth &amp; F.A. Parham, &lt;1850&gt;; F.A. Parham, &lt;1855&gt;; Lewis L. Poats, &lt;1856&gt;; Hood &amp; Metcalfe, &lt;1861&gt;</subfield></datafield><datafield ind1=" " ind2=" " tag="580"><subfield code="a">Continues: Hamilton gazette (Ross' Landing, Tenn.). Cf. Gregory, W. Amer. newspapers.</subfield></datafield><datafield ind1=" " ind2=" " tag="580"><subfield code="a">Merged with: Chattanooga advertiser (Chattanooga, Tenn. : 1850), to form: Gazette and advertiser (Chattanooga, Tenn.). Cf. NIM.</subfield></datafield><datafield ind1=" " ind2=" " tag="588"><subfield code="a">Description based on: Vol. 6, no. 39 (May. 18, 1844) = whole no. 301.</subfield></datafield><datafield ind1=" " ind2="0" tag="651"><subfield code="a">Chattanooga (Tenn.)</subfield><subfield code="v">Newspapers.</subfield></datafield><datafield ind1=" " ind2="0" tag="651"><subfield code="a">Hamilton County (Tenn.)</subfield><subfield code="v">Newspapers.</subfield></datafield><datafield ind1=" " ind2="7" tag="655"><subfield code="a">Newspapers.</subfield><subfield code="2">fast</subfield><subfield code="0">(OCoLC)fst01423814</subfield></datafield><datafield ind1=" " ind2="7" tag="651"><subfield code="a">Tennessee</subfield><subfield code="z">Chattanooga.</subfield><subfield code="2">fast</subfield><subfield code="0">(OCoLC)fst01205713</subfield></datafield><datafield ind1=" " ind2="7" tag="651"><subfield code="a">Tennessee</subfield><subfield code="z">Hamilton County.</subfield><subfield code="2">fast</subfield><subfield code="0">(OCoLC)fst01209591</subfield></datafield><datafield ind1=" " ind2=" " tag="752"><subfield code="a">United States</subfield><subfield code="b">Tennessee</subfield><subfield code="c">Hamilton</subfield><subfield code="d">Chattanooga.</subfield></datafield><datafield ind1="1" ind2="0" tag="780"><subfield code="t">Hamilton gazette (Ross' Landing, Tenn.)</subfield><subfield code="w">(DLC)sn 86071421</subfield></datafield><datafield ind1="1" ind2="7" tag="785"><subfield code="t">Chattanooga advertiser (Chattanooga, Tenn. : 1850)</subfield><subfield code="w">(DLC)sn 85042663</subfield><subfield code="w">(OCoLC)12768840</subfield></datafield><datafield ind1="1" ind2="7" tag="785"><subfield code="t">Gazette and advertiser (Chattanooga, Tenn.)</subfield><subfield code="w">(DLC)sn 85038528</subfield><subfield code="w">(OCoLC)12697336</subfield></datafield></record>